@article{puchala2018strategies,
	title="Strategies for optimal single-shot discrimination of quantum measurements",
	author="Puchała, Zbigniew and Pawela, Łukasz and Krawiec, Aleksandra and Kukulski, Ryszard",
	journal="Physical Review A",
	volume="98",
	number="4",
	pages="042103",
	year="2018",
	publisher="APS"
}

@article{helstrom1976quantum,
 	title={Quantum detection and estimation theory, ser},
 	author={Helstrom, CW},
 	journal={Mathematics in Science and Engineering. New York: Academic Press},
 	volume={123},
 	year={1976}
 }
